@article{cancerStatistics2011,
	Author = {Jemal, Ahmedin and others},
	Journal = {CA: A Cancer Journal for Clinicians},
	Publisher = {Wiley Subscription Services, Inc., A Wiley Company},
	Title = {Global cancer statistics},
	Volume = {61},
	Year = {2011}
}

@article{rosen2007birads,
  title={BI-RADS MRI Enhancement Characteristics of Ductal Carcinoma In Situ},
  author={Rosen, Eric L and Smith-Foley, Stacy A and DeMartini, Wendy B and Eby, Peter R and Peacock, Sue and Lehman, Constance D},
  journal={The breast journal},
  volume={13},
  number={6},
  pages={545--550},
  year={2007},
  publisher={Wiley Online Library}
}

@article{sakamoto2008categorization,
  title={Categorization of non-mass-like breast lesions detected by MRI},
  author={Sakamoto, Naomi and Tozaki, Mitsuhiro and Higa, Kuniki and Tsunoda, Yuko and Ogawa, Tomoko and Abe, Satoko and Ozaki, Shinji and Sakamoto, Masaaki and Tsuruhara, Tomoko and Kawano, Naoko and others},
  journal={Breast Cancer},
  volume={15},
  number={3},
  pages={241--246},
  year={2008},
  publisher={Springer}
}

@article{yabuuchi2010nmle,
  title={Non-mass-like enhancement on contrast-enhanced breast MR imaging: lesion characterization using combination of dynamic contrast-enhanced and diffusion-weighted MR images},
  author={Yabuuchi, Hidetake and Matsuo, Yoshio and Kamitani, Takeshi and Setoguchi, Taro and Okafuji, Takashi and Soeda, Hiroyasu and Sakai, Shuji and Hatakenaka, Masamitsu and Kubo, Makoto and Tokunaga, Eriko and others},
  journal={European journal of radiology},
  volume={75},
  number={1},
  pages={e126--e132},
  year={2010},
  publisher={Elsevier}
}

@article{liu2013intravoxel,
  title={Intravoxel incoherent motion (IVIM) in evaluation of breast lesions: comparison with conventional DWI},
  author={Liu, Chunling and Liang, Changhong and Liu, Zaiyi and Zhang, Shuixing and Huang, Biao},
  journal={European journal of radiology},
  volume={82},
  number={12},
  pages={e782--e789},
  year={2013},
  publisher={Elsevier}
}
